<?xml version="1.0" encoding="utf-8"?>
<record xmlns="http://www.loc.gov/MARC21/slim" xmlns:xsi="http://www.w3.org/2001/XMLSchema-instance" xsi:schemaLocation="http://www.loc.gov/MARC21/slim http://www.loc.gov/standards/marcxml/schema/MARC21slim.xsd">
	<leader>     nam a22        4500</leader>
	<controlfield tag="001">b12657827</controlfield>
	<controlfield tag="003">LeBAU</controlfield>
	<controlfield tag="006">m        d        </controlfield>
	<controlfield tag="007">cr cn |||m|||a</controlfield>
	<controlfield tag="008">171025s1911    sy acf  o     ||0 0 ara d</controlfield>
	<datafield ind1=" " ind2=" " tag="040">
		<subfield code="a">NNU</subfield>
		<subfield code="b">ara</subfield>
		<subfield code="e">rda</subfield>
		<subfield code="c">NNU</subfield>
	</datafield>
	<datafield ind1=" " ind2="4" tag="050">
		<subfield code="a">BX500.S9</subfield>
		<subfield code="b">A221 1911</subfield>
	</datafield>
	<datafield ind1="0" ind2="4" tag="082">
		<subfield code="a">922.8</subfield>
		<subfield code="2">20</subfield>
	</datafield>
	<datafield ind1="1" ind2=" " tag="100">
		<subfield code="6">880-01</subfield>
		<subfield code="a">ʻAbbūd, Rizq Allāh Niʻmat Allāh,</subfield>
		<subfield code="e">author.</subfield>
	</datafield>
	<datafield ind1="1" ind2="0" tag="245">
		<subfield code="6">880-02</subfield>
		<subfield code="a">Tadhkār al-yūbīl li-sayādat al-ḥabr al-jalīl Athanāsiyūs ʻAṭā Allāh, mitrūpūlīt Ḥimṣ wa-tawwābiʻihā lil-Rūm al-Urthūduks :</subfield>
		<subfield code="b">wa-huwa sifr shāmil tārīkh abrashīyat Ḥimṣ, wa-tarjamat siyādat ṣāḥib al-yūbīl wa-a‘ālih wa-rusūm munsha’ātih al-khayrīyah wa-waṣf ḥaflat yūbīlihi al-fuḍḍī wa-dhikr al-hadāyā wa-al-tahānī allatī quddimat li-siyādatihi /</subfield>
		<subfield code="c">taʼlīf Rizq Allāh Niʻmat Allāh ʻAbbūd.</subfield>
	</datafield>
	<datafield ind1="3" ind2=" " tag="246">
		<subfield code="6">880-03</subfield>
		<subfield code="a">Tidhkār al-yūbīl li-siyādat al-ḥabr al-jalīl Athanāsiyūs ʻAṭā Allāh</subfield>
	</datafield>
	<datafield ind1=" " ind2="1" tag="264">
		<subfield code="6">880-04</subfield>
		<subfield code="a">Ḥimṣ :</subfield>
		<subfield code="b">Maṭbaʻat Ḥimṣ,</subfield>
		<subfield code="c">1911.</subfield>
	</datafield>
	<datafield ind1=" " ind2=" " tag="300">
		<subfield code="6">880-05</subfield>
		<subfield code="a">online resource (300 pages, 25 unnumbered pages of plates) :</subfield>
		<subfield code="b">illustrations, portraits</subfield>
	</datafield>
	<datafield ind1=" " ind2=" " tag="336">
		<subfield code="a">text</subfield>
		<subfield code="2">rdacontent</subfield>
	</datafield>
	<datafield ind1=" " ind2=" " tag="337">
		<subfield code="a">computer</subfield>
		<subfield code="2">rdamedia</subfield>
	</datafield>
	<datafield ind1=" " ind2=" " tag="338">
		<subfield code="a">online resource</subfield>
		<subfield code="2">rdacarrier</subfield>
	</datafield>
	<datafield ind1=" " ind2=" " tag="500">
		<subfield code="a">Part of the Arabic Collections Online (ACO) project, contributed by American University of Beirut's Jafet Memorial Library.</subfield>
	</datafield>
	<datafield ind1=" " ind2=" " tag="533">
		<subfield code="a">Electronic reproduction.</subfield>
		<subfield code="b">New York, N.Y. :</subfield>
		<subfield code="c">New York University,</subfield>
		<subfield code="d">2017.</subfield>
		<subfield code="5">NNU</subfield>
	</datafield>
	<datafield ind1="1" ind2="0" tag="600">
		<subfield code="6">880-06</subfield>
		<subfield code="a">ʻAṭā Allāh, Athanāsiyūs.</subfield>
	</datafield>
	<datafield ind1="2" ind2="0" tag="610">
		<subfield code="6">880-07</subfield>
		<subfield code="a">Orthodox Eastern Church</subfield>
		<subfield code="z">Syria</subfield>
		<subfield code="x">Bishops</subfield>
		<subfield code="v">Biography.</subfield>
	</datafield>
	<datafield ind1="2" ind2="0" tag="610">
		<subfield code="6">880-08</subfield>
		<subfield code="a">Orthodox Eastern Church</subfield>
		<subfield code="z">Syria</subfield>
		<subfield code="x">History.</subfield>
	</datafield>
	<datafield ind1="2" ind2=" " tag="710">
		<subfield code="a">Jafet Memorial Library.</subfield>
	</datafield>
	<datafield ind1="0" ind2=" " tag="730">
		<subfield code="a">Arabic Collections Online.</subfield>
	</datafield>
	<datafield ind1="0" ind2="8" tag="776">
		<subfield code="i">Print version:</subfield>
		<subfield code="a">ʻAbbūd, Rizq Allāh Niʻmat Allāh, author.</subfield>
		<subfield code="t">Tadhkār al-yūbīl li-sayādat al-ḥabr al-jalīl Athanāsiyūs ʻAṭā Allāh, mitrūpūlīt Ḥimṣ wa-tawwābiʻihā lil-Rūm al-Urthūduks</subfield>
		<subfield code="w">(LeBAU)b12657827</subfield>
	</datafield>
	<datafield ind1="4" ind2="0" tag="856">
		<subfield code="u">http://hdl.handle.net/2333.1/hx3ffhqw</subfield>
	</datafield>
	<datafield ind1="1" ind2=" " tag="880">
		<subfield code="6">100-01/r</subfield>
		<subfield code="a">عبود، رزق الله نعمة الله،‪‪‪‪‪‪‪‪‪</subfield>
		<subfield code="e">مؤلف.‪‪‪‪‪‪‪‪‪</subfield>
		<subfield code="4">aut.</subfield>
	</datafield>
	<datafield ind1="1" ind2="0" tag="880">
		<subfield code="6">245-02/r</subfield>
		<subfield code="a">تذكار اليوبيل لسيادة الحبر الجليل إثناسيوس عطا الله، متروبوليت حمص وتوابعها للروم الأرثوذكس :‪‪‪‪‪‪‪‪‪</subfield>
		<subfield code="b">وهو سفر شامل تاريخ أبرشية حمص، وترجمة سيادة صاحب اليوبيل وأعماله ورسوم منشآته الخيرية ووصف حفلة يوبيله الفضي وذكر الهدايا والتهاني التي قدمت لسيادته /‪‪‪‪‪‪‪‪‪</subfield>
		<subfield code="c">تأليف رزق الله نعمة الله عبود.‪‪‪‪‪‪‪‪‪</subfield>
	</datafield>
	<datafield ind1="3" ind2=" " tag="880">
		<subfield code="6">246-03/r</subfield>
		<subfield code="a">تذكار اليوبيل لسيادة الحبر الجليل إثناسيوس عطا الله‪‪‪‪‪‪‪‪‪</subfield>
	</datafield>
	<datafield ind1=" " ind2="1" tag="880">
		<subfield code="6">264-04/r</subfield>
		<subfield code="a">حمص :‪‪‪‪‪‪‪‪‪</subfield>
		<subfield code="b">مطبعة حمص،‪‪‪‪‪‪‪‪‪</subfield>
		<subfield code="c">1911.</subfield>
	</datafield>
	<datafield ind1=" " ind2=" " tag="880">
		<subfield code="6">300-05/r</subfield>
		<subfield code="a">300 صفحة، 25 ورقة لوحات غير مرقمة :‪‪‪‪‪‪‪‪‪</subfield>
		<subfield code="b">مصورات، صور شخصانية ؛‪‪‪‪‪‪‪‪‪</subfield>
		<subfield code="c">24 سم‪‪‪‪‪‪‪‪‪</subfield>
	</datafield>
	<datafield ind1="1" ind2="4" tag="880">
		<subfield code="6">600-06/r</subfield>
		<subfield code="a">عطا الله، اثناسيوس.‪‪‪‪‪‪‪‪‪</subfield>
	</datafield>
	<datafield ind1="2" ind2="4" tag="880">
		<subfield code="6">610-07/r</subfield>
		<subfield code="a">الكنيسة الأرثوذكسية الشرقية‪‪‪‪‪‪‪‪‪</subfield>
		<subfield code="z">سوريا‪‪‪‪‪‪‪‪‪</subfield>
		<subfield code="x">الاساقفة‪‪‪‪‪‪‪‪‪</subfield>
		<subfield code="v">تراجم.‪‪‪‪‪‪‪‪‪</subfield>
	</datafield>
	<datafield ind1="2" ind2="4" tag="880">
		<subfield code="6">610-08/r</subfield>
		<subfield code="a">الكنيسة الأرثوذكسية الشرقية‪‪‪‪‪‪‪‪‪</subfield>
		<subfield code="z">سوريا‪‪‪‪‪‪‪‪‪</subfield>
		<subfield code="x">تاريخ.‪‪‪‪‪‪‪‪‪</subfield>
	</datafield>
	<datafield ind1=" " ind2=" " tag="959">
		<subfield code="a">NNU</subfield>
		<subfield code="b">WEB</subfield>
		<subfield code="c">GENI</subfield>
		<subfield code="t">0</subfield>
		<subfield code="m">Electronic access</subfield>
		<subfield code="s">01</subfield>
	</datafield>
	<datafield ind1=" " ind2=" " tag="999">
		<subfield code="i">LeBAU_b12657827</subfield>
		<subfield code="s">aub_aco001311</subfield>
		<subfield code="e">(ERROR-880)</subfield>
		<subfield code="s">aub_aco001311</subfield>
	</datafield>
</record>
